%% This BibTeX bibliography file was created using BibDesk.
%% http://bibdesk.sourceforge.net/

%% Saved with string encoding Unicode (UTF-8) 




@book{petrescu2012new,
  title={A New Doppler Effect},
  author={Petrescu, Florian Ion},
  year={2012},
  publisher={BoD--Books on Demand}
}

@book{cracknell2007introduction,
  title={Introduction to Remote Sensing},
  author={Cracknell, Arthur P},
  year={2007},
  publisher={CRC press}
}

@misc{Nayegandhi2006green,
	title={Green, waveform lidarin topo-bathy mapping â€“Principles and Applications},
    author = {Amar Nayegandhi},
    year={2006},
    howpublished={\url{https://www.ngs.noaa.gov/corbin/class_description/Nayegandhi_green_lidar.pdf}},
    note={(Date last accessed 25/04/2017)}
}

@misc{slamtec2016rplidar,
	title={RPLIDAR A2 The Thinest LIDAR},
    author={Slamtec},
    year={2016},
    howpublished={\url{https://www.slamtec.com/en/Lidar}},
    note={(Date last accessed 26/04/2017)}
}

@misc{lidaruk2017how,
	title={How does LiDAR work?},
    author={LiDAR-UK},
    year={2017},
	howpublished={\url{http://www.lidar-uk.com/how-lidar-works/}},
    note={(Date last accessed 26/04/2017)}
}

@misc{amazon2017ultrasonics,
	title={DaoRier 10pcs Ultrasonic HC-SR04 Distance Measuring Transducer and Obstacle Detection Module for Arduino},
    year={2017},
    howpublished={\url{https://www.amazon.co.uk/DaoRier-Ultrasonic-Measuring-Transducer-Detection/dp/B06XK6VTQ1/ref=sr_1_3?ie=UTF8&qid=1493202561&sr=8-3&keywords=ultrasonic+sensor+10pcs}},
    note={(Date last accessed 26/04/2017)}
}
    
@book{rice2006mathematical,
  title={Mathematical statistics and data analysis},
  author={Rice, John},
  year={2006},
  publisher={Nelson Education}
}

@article{charniak1991bayesian,
  title={Bayesian networks without tears.},
  author={Charniak, Eugene},
  journal={AI magazine},
  volume={12},
  number={4},
  pages={50},
  year={1991}
}

@misc{shafer2002dempster,
  title={Dempster--{S}hafer theory},
  author={Shafer, Glenn},
  year={2002},
  howpublished={\url{http://glennshafer.com/assets/downloads/articles/article48.pdf}},
  note={Date last accessed 27/04/2017}
}

@article{kalman1960new,
  title={A new approach to linear filtering and prediction problems},
  author={Kalman, Rudolph Emil and others},
  journal={Transactions of the ASME -- Journal of Basic Engineering},	
  number={82 (Series D)},
  pages={35--45},
  year={1960}
}

@misc{babb2015how,
 title={How a Kalman filter works in pictures},
 author={Babb, Tim},
 year={2015},
 howpublished={\url{http://www.bzarg.com/p/how-a-kalman-filter-works-in-pictures/}},
 note={(Date last accessed 03-March-2017)}
 }
 
 @article{faragher2012basis,
title={Understanding the Basis of the Kalman Filter},
author={Faragher, R},
journal={IEEE Signal Processing Magazine},
pages={128--132},
month={September},
year={2012}
}

@misc{simon2001kalman,
 title={Kalman filtering},
 author={Simon, D},
 year={2001},
 howpublished={\url{http://www.embedded.com/design/configurable-systems/4023342/Kalman-Filtering}},
 note={(Date last accessed 28-February-2017)}
}

@article{grossekatthofer2012introduction,
  title={Introduction into quaternions for spacecraft attitude representation},
  author={Gro{\ss}ekatth{\"o}fer, K and Yoon, Z},
  journal={TU Berlin},
  volume={16},
  year={2012}
}

@article{grassia1998practical,
  title={Practical parameterization of rotations using the exponential map},
  author={Grassia, F Sebastian},
  journal={Journal of graphics tools},
  volume={3},
  number={3},
  pages={29--48},
  year={1998},
  publisher={Taylor \& Francis}
}

@inproceedings{yang2011multi,
  title={Multi-sensor data fusion for UAV navigation during landing operations},
  author={Yang, Xilin and Mejias, Luis and Garratt, Matt},
  booktitle={Proceedings of the 2011 Australian Conference on Robotics and Automation},
  pages={1--10},
  year={2011},
  organization={Australian Robotics and Automation Association Inc., Monash University}
}

@misc{go2017tour,
 title={A tour of Go},
 howpublished={\url{https://tour.golang.org/}},
 note={(Date last accessed 18-May-2017)}
}

@misc{windall2008other,
  Author = {Widnall, S and Peraire, J},
  Institution = {Massachusetts Institute of Technology},
  Howpublished = {University Lecture},
  Year = {2008},
  Title = {Lecture {L}5 - Other Coordinate Systems}
}

@article{eom2011improved,
  title={Improved kalman filter method for measurement noise reduction in multi sensor rfid systems},
  author={Eom, Ki Hwan and Lee, Seung Joon and Kyung, Yeo Sun and Lee, Chang Won and Kim, Min Chul and Jung, Kyung Kwon},
  journal={Sensors},
  volume={11},
  number={11},
  pages={10266--10282},
  year={2011},
  publisher={Molecular Diversity Preservation International}
}

@manual{VL53L0Xdatasheet,
    organization  = {STMicroelectronics},
    title         = {World smallest Time-of-Flight ranging and gesture detection sensor},
    author        = {VL53L0X},
    year          = {2016},
    month         = {May},    
    note          = {Rev. 1}
}

@manual{HCSR04datasheet,
    organization  = {Robot Electronics},
    title         = {Ultra-Sonic Ranger},
    author        = {SRF04},
    note		  = {Same as HC-SR04}
}

@manual{MS5611datasheet,
    organization  = {measurement specialities},
    title         = {Barometric Pressure Sensor, with stainless steel cap},
    author        = {MS5611-01BA03},
    year          = {2012},
    month         = {October}    
}

@manual{L3GD20datasheet,
    organization  = {STMicroelectronics},
    title         = {MEMS motion sensor: three-axis digital output gyroscope},
    author        = {L3GD20},
    year          = {2011},
    month         = {August},    
    note          = {Rev. 1}
}

@manual{MPU9250datasheet,
    organization  = {InvenSense},
    title         = {Product Specification},
    author        = {MPU-9250},
    year          = {2014},
    month         = {January},    
    note          = {Rev. 1}
}

@manual{NEO6Mdatasheet,
    organization  = {ublox},
    title         = {u-blox 6 GPS Modules},
    author        = {NEO-6M},
    year          = {2011},
    month         = {December},    
    note          = {Rev. E}
}

@Misc{hummingbird2015speed,
  author = {Hummingbird.UAV},
  title = {Speed Run with a DJI F550 Copter},
  howpublished = {\url{https://www.youtube.com/watch?v=PPPUZrrHswU}},
  month = {May},
  day = {8},
  year = {2015}
}

@inproceedings{van2004sigma,
  title={Sigma-point Kalman filters for integrated navigation},
  author={Van Der Merwe, Rudolph and Wan, Eric A},
  booktitle={Proceedings of the 60th Annual Meeting of the Institute of Navigation (ION)},
  pages={641--654},
  year={2004}
}

@article{lefebvre2004kalman,
  title={Kalman filters for non-linear systems: a comparison of performance},
  author={Lefebvre*, Tine and Bruyninckx, Herman and De Schutter, Joris},
  journal={International journal of Control},
  volume={77},
  number={7},
  pages={639--653},
  year={2004},
  publisher={Taylor \& Francis}
}

@misc{hobbyking2016s550,
 title={S550 Hexcopter Frame Kit With Integrated PCB 550mm (Black)},
 author={$HobbyKing^{TM}$},
 howpublished={\url{https://hobbyking.com/en_us/s550-hexcopter-frame-kit-with-integrated-pcb-550mm-black.html}},
 note={(Date last accessed 21-May-2017)}
 }
 
 @misc{econ2016tara,
 title={Tara - USB 3.0 Stereo Vision Camera },
 author={e-con Systems},
 howpublished={\url{https://www.e-consystems.com/3D-USB-stereo-camera.asp}},
 note={(Date last accessed 21-May-2017)}
 }
 
 @article{julier2004unscented,
  title={Unscented filtering and nonlinear estimation},
  author={Julier, Simon J and Uhlmann, Jeffrey K},
  journal={Proceedings of the IEEE},
  volume={92},
  number={3},
  pages={401--422},
  year={2004},
  publisher={IEEE}
}

@misc{gade2009introduction,
	title={Introduction to Inertial Navigation and Kalman Filtering},
    author={Kenneth Gade},
    year={2009},
    month={October},
    note={Tutorial for IAIN World Congress, Stockholm, Sweden}
}

@inproceedings{santana2014trajectory,
  title={A trajectory tracking and 3d positioning controller for the ar. drone quadrotor},
  author={Santana, Lucas Vago and Brandao, Alexandre Santos and Sarcinelli-Filho, Mario and Carelli, Ricardo},
  booktitle={Unmanned Aircraft Systems (ICUAS), 2014 International Conference on},
  pages={756--767},
  year={2014},
  organization={IEEE}
}

%%%%%%%%%%%%%%%%%%%%%%%%%%%%%%%%%%%%%%%%%%%%%%%%%%%%%%%%%%%%%%%%%%%%%%%%%%%
                                %%Examples%%
%%%%%%%%%%%%%%%%%%%%%%%%%%%%%%%%%%%%%%%%%%%%%%%%%%%%%%%%%%%%%%%%%%%%%%%%%%%

@book{griersonRH,
	Author = {C. Grierson and J. Schiefelbein},
	Date-Added = {2012-09-27 13:06:21 +0100},
	Date-Modified = {2012-09-27 13:06:21 +0100},
	Publisher = {American Society of Plant Biologist},
	Title = {The Arabidopsis Book},
	Year = {2002}}

@article{mjones01,
	Author = {M. Jones and N. Smirnoff},
	Date-Added = {2012-09-27 13:06:21 +0100},
	Date-Modified = {2012-09-27 13:06:21 +0100},
	Journal = {J. of Exp. Bot.},
	Number = {15},
	Pages = {4269--4275},
	Title = {Nuclear dynamics during the simultaneous and sustained tip growth of multiple root hairs arising from a single root epidermal cell},
	Volume = {57},
	Year = {2006}}

@article{massuci01,
	Author = {J. D. Masucci and J. W. Schiefelbein},
	Date-Added = {2012-09-19 08:40:38 +0100},
	Date-Modified = {2012-09-25 20:03:04 +0100},
	Journal = {Plant. Physiol.},
	Pages = {1335-1346},
	Title = {The rhd6 Mutation of Arabidopsis thaliana Alters Root-Hair Initiation trhough an Auxin- and Ethylene-Associated Process},
	Volume = {106},
	Year = {1994}}

@article{payne01,
	Author = {R.J.H. Payne and C.S. Grierson},
	Date-Added = {2011-06-09 15:48:34 +0100},
	Date-Modified = {2012-03-05 18:44:58 +0100},
	Journal = {PLoS ONE},
	Number = {12},
	Pages = {e8337. doi:10.1371/journal.pone.0008337},
	Title = {A theoretical model for ROP localisation by auxin in arabidopsis root hair cells},
	Volume = {4},
	Year = {2009}}

@article{rigas01,
	Author = {S. Rigas and G. Debrosses and K. Haralampidis and F. Vicente-Angulo and K. A. Feldman and A. Grabov and L. Dolan and P. Hatzpoulos},
	Date-Added = {2012-09-19 08:28:34 +0100},
	Date-Modified = {2012-09-19 08:30:59 +0100},
	Journal = {The Plant Cell},
	Pages = {139--151},
	Title = {TRH1 Encondes a Potassium Transporter REquired for Tip Growth in Arabidopsis Root Hairs},
	Volume = {13},
	Year = {2001}}
